<record><leader>00000cas a22000007a 4500</leader><controlfield tag="001">24508767</controlfield><controlfield tag="008">911007d189919uunyuwr ne      0    0eng d</controlfield><datafield ind1=" " ind2=" " tag="010"><subfield code="a">sn 91066687 </subfield></datafield><datafield ind1=" " ind2=" " tag="040"><subfield code="a">NYS</subfield><subfield code="b">eng</subfield><subfield code="c">NYS</subfield><subfield code="d">OCLCQ</subfield></datafield><datafield ind1=" " ind2=" " tag="042"><subfield code="a">msc</subfield></datafield><datafield ind1="0" ind2=" " tag="130"><subfield code="a">Coxsackie union (Coxsackie, N.Y. : 1899)</subfield></datafield><datafield ind1="1" ind2="4" tag="245"><subfield code="a">The Coxsackie union.</subfield></datafield><datafield ind1="1" ind2="3" tag="246"><subfield code="a">Coxsackie union and weekly news</subfield><subfield code="f">&lt;1910-1911&gt;</subfield></datafield><datafield ind1=" " ind2=" " tag="260"><subfield code="a">Coxsackie, N.Y. :</subfield><subfield code="b">Wm. P. Franklin,</subfield><subfield code="c">1899-</subfield></datafield><datafield ind1=" " ind2=" " tag="300"><subfield code="a">v.</subfield></datafield><datafield ind1=" " ind2=" " tag="310"><subfield code="a">Weekly</subfield></datafield><datafield ind1="0" ind2=" " tag="362"><subfield code="a">New ser. no. 1 (Mar. 2, 1899)-</subfield></datafield><datafield ind1=" " ind2=" " tag="500"><subfield code="a">"For the town and its people", 1899-&lt;1900&gt;.</subfield></datafield><datafield ind1=" " ind2=" " tag="500"><subfield code="a">"For the benefit of the town and the publisher", &lt;1910-1911&gt;.</subfield></datafield><datafield ind1=" " ind2=" " tag="588"><subfield code="a">Latest issue consulted: New ser. no. 879 (Dec. 31, 1914).</subfield></datafield><datafield ind1=" " ind2="4" tag="651"><subfield code="a">Coxsackie (N.Y.)</subfield><subfield code="v">Newspapers.</subfield></datafield><datafield ind1=" " ind2=" " tag="752"><subfield code="a">United States</subfield><subfield code="b">New York</subfield><subfield code="c">Greene</subfield><subfield code="d">Coxsackie.</subfield></datafield><datafield ind1="0" ind2="5" tag="780"><subfield code="t">Coxsackie news</subfield><subfield code="g">Dec. 15, 1906</subfield><subfield code="w">(DLC)sn 83031433</subfield><subfield code="w">(OCoLC)9879160</subfield></datafield><datafield ind1="0" ind2="0" tag="785"><subfield code="t">Coxsackie union-news</subfield><subfield code="w">(DLC)sn 85042163</subfield><subfield code="w">(OCoLC)11862623</subfield></datafield><datafield ind1="1" ind2=" " tag="029"><subfield code="a">AU@</subfield><subfield code="b">000025850422</subfield></datafield></record>